@ariticle{Kevin,
  title = "A Delay-Tolerant Network Architecture for Challenged Internets"
}

@article{Gregory,
  tile = "Networks without Borders: Communication despite Disconnection"
}

@article{Scott,
  title = "Delay-Tolerant Networking: An Approach to Interplanetary Internet"
}

@article{Zhao,
  title = "Controlling the Mobility of Multiple Data Transport Ferries in a Delay-Tolerant Network"
}

@article{Jain,
  author = {Jain, Sushant and Fall, Kevin and Patra, Rabin},
  title = {Routing in a Delay Tolerant Network},
  journal = {SIGCOMM Comput. Commun. Rev.},
  issue_date = {October 2004},
  volume = {34},
  number = {4},
  month = aug,
  year = {2004},
  issn = {0146-4833},
  pages = {145--158},
  numpages = {14},
  url = {http://doi.acm.org/10.1145/1030194.1015484},
  doi = {10.1145/1030194.1015484},
  acmid = {1015484},
  publisher = {ACM},
  address = {New York, NY, USA},
  keywords = {delay tolerant network, routing},
}

@article{Symington,
  title = "Bundle Security Protocol Specification"
}

@article{Scottrfc,
  title = "Bundle Protocol Specification"
}

@article{Cerf,
  title = "Delay-Tolerant Networking Architecture"
}

@article{Abadi,
  title = "Private Authentication"
}

@article{Dwork,
  title = "Concurrent Zero-Knowledge: Reducing the Need for Timing Constraints"
}

@article{Borisov,
  title = "OfftheRecord Communication, or, Why Not To Use PGP"
}

@article{Xin,
  title = "A Secure and Efficient Deniable Authentication Protocol"
}

@article{Wang,
  title = "A Simple Protocol for Deniable Authentication Based on ElGamal Cryptography"
}

@article{Shao,
  title = "An Improved Deniable Authentication Protocol"
}

@article{Kate,
  title = "Anonymity and Security in Delay Tolerant Networks"
}

@article{Seth,
  title = "Lowcost Communication for Rural Internet Kiosks Using Mechanical Backhaul"
}

@article{SethKeshav,
  title = "Practical Security for Disconnected Nodes"
}

@article{Sakai,
  author = "R. Sakai, K. Ohgishi, and M. Kasahara",
  title = "Cryptosystems based on pairing",
  journal = "SCIS 2000: Symposium on Cryptography and Information Security",
  year = "2000"
}

@Misc{RFC2104,
  author =       "H. Krawczyk and M. Bellare and R. Canetti",
  title =        "{RFC 2104}: {HMAC}: Keyed-Hashing for Message
                 Authentication",
  month =        feb,
  year =         "1997",
  bibdate =      "Thu Oct 16 09:34:09 MDT 1997",
  bibsource =    "http://www.math.utah.edu/pub/tex/bib/rfc.bib",
  note =         "Status: INFORMATIONAL.",
  URL =          "ftp://ftp.internic.net/rfc/rfc2104.txt,
                 ftp://ftp.math.utah.edu/pub/rfc/rfc2104.txt",
  acknowledgement = ack-nhfb,
  format =       "TXT=22297 bytes",
  online =       "yes",
  status =       "INFORMATIONAL",
}

@Misc{RFC2898,
  author =       "B. Kaliski and RSA Laboratories",
  title =        "{RFC 2989}: {PKCS5}: Password-Based Cryptography Specification Version 2.0",
  month =        sep,
  year =         "2000",
  note =         "Status: INFORMATIONAL.",
  URL =          "http://tools.ietf.org/html/rfc2898",
  acknowledgement = ack-nhfb,
  online =       "yes",
  status =       "INFORMATIONAL",
}

@Misc{RFC6234,
  author =       "D. Eastlake 3rd and T. Hansen",
  title =        "{RFC 6234}: US Secure Hash Algorithms (SHA and SHA-based HMAC and HKDF)",
  month =        may,
  year =         "2011",
  note =         "Status: INFORMATIONAL.",
  URL =          "http://tools.ietf.org/html/rfc6234",
  acknowledgement = ack-nhfb,
  online =       "yes",
  status =       "INFORMATIONAL",
}

@article{Goldwasser,
 author = {Goldwasser, Shafi and Micali, Silvio and Rivest, Ronald L.},
 title = {A Digital Signature Scheme Secure Against Adaptive Chosen-message Attacks},
 journal = {SIAM J. Comput.},
 issue_date = {April 1988},
 volume = {17},
 number = {2},
 month = apr,
 year = {1988},
 issn = {0097-5397},
 pages = {281--308},
 numpages = {28},
 url = {http://dx.doi.org/10.1137/0217017},
 doi = {10.1137/0217017},
 acmid = {45480},
 publisher = {Society for Industrial and Applied Mathematics},
 address = {Philadelphia, PA, USA},
}

@article{Dolev,
author = {D. Dolev and A. C. Yao},
title = {On the security of public key protocols},
journal ={2013 IEEE 54th Annual Symposium on Foundations of Computer Science},
volume = {0},
issn = {0272-5428},
year = {1981},
pages = {350-357},
doi = {http://doi.ieeecomputersociety.org/10.1109/SFCS.1981.32},
publisher = {IEEE Computer Society},
address = {Los Alamitos, CA, USA},
}

@book{Mao,
 author = {Mao, Wenbo},
 title = {Modern Cryptography: Theory and Practice},
 year = {2003},
 isbn = {0130669431},
 publisher = {Prentice Hall Professional Technical Reference},
} 

@inproceedings{Yao,
 author = {Yao, Andrew C.},
 title = {Theory and Application of Trapdoor Functions},
 booktitle = {Proceedings of the 23rd Annual Symposium on Foundations of Computer Science},
 series = {SFCS '82},
 year = {1982},
 pages = {80--91},
 numpages = {12},
 url = {http://dx.doi.org/10.1109/SFCS.1982.95},
 doi = {10.1109/SFCS.1982.95},
 acmid = {1382790},
 publisher = {IEEE Computer Society},
 address = {Washington, DC, USA},
}

@book{Miller,
 author = {Miller, Frederic P. and Vandome, Agnes F. and McBrewster, John},
 title = {Advanced Encryption Standard},
 year = {2009},
 isbn = {6130268297, 9786130268299},
 publisher = {Alpha Press},
} 

@misc{ehrsam1978message,
  title={Message verification and transmission error detection by block chaining},
  author={Ehrsam, W.F. and Meyer, C.H.W. and Smith, J.L. and Tuchman, W.L.},
  url={http://www.google.co.uk/patents/US4074066},
  year={1978},
  month=feb # "~14",
  publisher={Google Patents},
  note={US Patent 4,074,066}
}

@Misc{RFC2313,
  author =       "B. Kaliski",
  title =        "{RFC 2313}: {PKCS} \#1: {RSA} Encryption Version 1.5",
  month =        mar,
  year =         "1998",
  bibdate =      "Wed Apr 1 09:06:07 MST 1998",
  bibsource =    "http://www.math.utah.edu/pub/tex/bib/rfc.bib",
  note =         "Obsoleted by RFC2437 \cite{RFC2437}. Status:
                 INFORMATIONAL.",
  URL =          "ftp://ftp.internic.net/rfc/rfc2313.txt,
                 ftp://ftp.internic.net/rfc/rfc2437.txt,
                 ftp://ftp.math.utah.edu/pub/rfc/rfc2313.txt,
                 ftp://ftp.math.utah.edu/pub/rfc/rfc2437.txt",
  acknowledgement = ack-nhfb,
  format =       "TXT=37777 bytes",
  obsoletedby =  "Obsoleted by RFC2437 \cite{RFC2437}.",
  online =       "yes",
  status =       "INFORMATIONAL",
  xxtitle =      "{RFC 2313}: {PKCS} 1: {RSA} Encryption Version 1-5",
}

